@Book{xie2015,
  title = {Dynamic Documents with {R} and knitr},
  author = {Yihui Xie},
  publisher = {Chapman and Hall/CRC},
  address = {Boca Raton, Florida},
  year = {2015},
  edition = {2nd},
  note = {ISBN 978-1498716963},
  url = {http://yihui.org/knitr/},
}

@book{Devore,
	address = {Belmont, CA},
	edition = {7th ed},
	title = {Probability and statistics for engineering and the sciences},
	isbn = {978-0-495-38217-1 978-0-495-38223-2},
	publisher = {Thomson/Brooks/Cole},
	author = {Devore, Jay L.},
	year = {2008},
	keywords = {Mathematical statistics, Probabilities},
}

@book{brachman_knowledge_2004,
	address = {Amsterdam ; Boston},
	title = {Knowledge representation and reasoning},
	isbn = {978-1-55860-932-7},
	publisher = {Morgan Kaufmann},
	author = {Brachman, Ronald J. and Levesque, Hector J.},
	year = {2004},
	keywords = {Knowledge representation (Information theory), Reasoning},
}