@book{Devore,
	address = {Belmont, CA},
	edition = {7th ed},
	title = {Probability and statistics for engineering and the sciences},
	isbn = {978-0-495-38217-1 978-0-495-38223-2},
	publisher = {Thomson/Brooks/Cole},
	author = {Devore, Jay L.},
	year = {2008},
	keywords = {Mathematical statistics, Probabilities},
}

@book{brachman_knowledge_2004,
	address = {Amsterdam ; Boston},
	title = {Knowledge representation and reasoning},
	isbn = {978-1-55860-932-7},
	publisher = {Morgan Kaufmann},
	author = {Brachman, Ronald J. and Levesque, Hector J.},
	year = {2004},
	keywords = {Knowledge representation (Information theory), Reasoning},
}

@book{anderson_estadistica_2008,
	address = {México},
	edition = {10a ed},
	title = {Estadística para administración y economía},
	isbn = {978-607-481-319-7},
	language = {spa},
	publisher = {Cengage Learning},
	author = {Anderson, David R. and Sweeney, Dennis J. and Williams, Thomas A.},
	year = {2008},
	note = {OCLC: 893589801},
}

@Manual{R-base,
  title = {R: A Language and Environment for Statistical Computing},
  author = {{R Core Team}},
  organization = {R Foundation for Statistical Computing},
  address = {Vienna, Austria},
  year = {2022},
  url = {https://www.R-project.org/},
}

@Manual{R-ggplot2,
  title = {ggplot2: Create Elegant Data Visualisations Using the Grammar of Graphics},
  author = {Hadley Wickham and Winston Chang and Lionel Henry and Thomas Lin Pedersen and Kohske Takahashi and Claus Wilke and Kara Woo and Hiroaki Yutani and Dewey Dunnington},
  year = {2022},
  note = {R package version 3.3.6},
  url = {https://CRAN.R-project.org/package=ggplot2},
}
